<record xmlns="http://www.loc.gov/MARC21/slim">
    <leader>02170ctm a2200469Ii 4500</leader>
    <controlfield tag="001">99900511981701852</controlfield>
    <controlfield tag="005">20200511072118.1</controlfield>
    <controlfield tag="008">180907q13011400xx 000 0 lat d</controlfield>
    <datafield ind1=" " ind2=" " tag="035">
        <subfield code="a">(OCoLC)1051042856</subfield>
    </datafield>
    <datafield ind1=" " ind2=" " tag="035">
        <subfield code="a">(OCoLC)on1051042856</subfield>
    </datafield>
    <datafield ind1=" " ind2=" " tag="035">
        <subfield code="a">(EXLNZ-01ALLIANCE_NETWORK)99326267236201451</subfield>
    </datafield>
    <datafield ind1=" " ind2=" " tag="040">
        <subfield code="a">ORU</subfield>
        <subfield code="b">eng</subfield>
        <subfield code="e">rda</subfield>
        <subfield code="c">ORU</subfield>
        <subfield code="d">ORU</subfield>
        <subfield code="d">OCLCQ</subfield>
        <subfield code="d">OCLCO</subfield>
    </datafield>
    <datafield ind1=" " ind2=" " tag="043">
        <subfield code="a">n-us-or</subfield>
    </datafield>
    <datafield ind1=" " ind2=" " tag="049">
        <subfield code="a">MAIN</subfield>
    </datafield>
    <datafield ind1="0" ind2="0" tag="245">
        <subfield code="a">Bible leaf on uterine vellum.</subfield>
    </datafield>
    <datafield ind1=" " ind2="0" tag="264">
        <subfield code="a">[Europe],</subfield>
        <subfield code="c">[between 1301 and 1400]</subfield>
    </datafield>
    <datafield ind1=" " ind2=" " tag="300">
        <subfield code="a">1 leaf :</subfield>
        <subfield code="b">parchment ;</subfield>
        <subfield code="c">200 x 130 mm</subfield>
    </datafield>
    <datafield ind1=" " ind2=" " tag="336">
        <subfield code="a">text</subfield>
        <subfield code="b">txt</subfield>
        <subfield code="2">rdacontent</subfield>
    </datafield>
    <datafield ind1=" " ind2=" " tag="337">
        <subfield code="a">unmediated</subfield>
        <subfield code="b">n</subfield>
        <subfield code="2">rdamedia</subfield>
    </datafield>
    <datafield ind1=" " ind2=" " tag="338">
        <subfield code="a">sheet</subfield>
        <subfield code="b">nb</subfield>
        <subfield code="2">rdacarrier</subfield>
    </datafield>
    <datafield ind1="1" ind2=" " tag="541">
        <subfield code="c">Purchase;</subfield>
        <subfield code="a">The Po. Richard Collection (eBay);</subfield>
        <subfield code="d">2018.</subfield>
    </datafield>
    <datafield ind1=" " ind2=" " tag="500">
        <subfield code="a">Manuscript document.</subfield>
    </datafield>
    <datafield ind1=" " ind2=" " tag="500">
        <subfield code="a">Title devised by cataloger.</subfield>
    </datafield>
    <datafield ind1=" " ind2=" " tag="500">
        <subfield code="a">Collation: Parchment, single sheet.</subfield>
    </datafield>
    <datafield ind1=" " ind2=" " tag="500">
        <subfield code="a">Origin: Europe.</subfield>
    </datafield>
    <datafield ind1=" " ind2=" " tag="500">
        <subfield code="a">Layout: Two columns of 50 lines; ruled in ink.</subfield>
    </datafield>
    <datafield ind1=" " ind2=" " tag="500">
        <subfield code="a">Lettering: Textura.</subfield>
    </datafield>
    <datafield ind1=" " ind2=" " tag="500">
        <subfield code="a">Decoration: One initial in red, with blue flourishing; rubrication;
            running title in red and blue.</subfield>
    </datafield>
    <datafield ind1=" " ind2=" " tag="500">
        <subfield code="a">Binding: Disbound.</subfield>
    </datafield>
    <datafield ind1=" " ind2=" " tag="500">
        <subfield code="a">Shelfmark: Eugene, OR, Special Collections and University Archives,
            University of Oregon, MS 87.</subfield>
    </datafield>
    <datafield ind1=" " ind2=" " tag="500">
        <subfield code="a">Seller describes leaf as being from an early monk&apos;s girdle bible;
            uterine vellum; from the collection of Henry E. Luhrs.</subfield>
    </datafield>
    <datafield ind1=" " ind2=" " tag="546">
        <subfield code="a">In Latin.</subfield>
    </datafield>
    <datafield ind1=" " ind2=" " tag="506">
        <subfield code="a">RESTRICTED ITEM:</subfield>
        <subfield code="b">use only by permission of the appropriate curator. Inquiries concerning
            this item should be directed, in writing, to the Public Services of the Special
            Collections Department.</subfield>
    </datafield>
    <datafield ind1=" " ind2="0" tag="650">
        <subfield code="a">Manuscripts, Medieval</subfield>
        <subfield code="z">Oregon</subfield>
        <subfield code="z">Eugene.</subfield>
    </datafield>
    <datafield ind1=" " ind2="7" tag="650">
        <subfield code="a">Manuscripts, Medieval.</subfield>
        <subfield code="2">fast</subfield>
        <subfield code="0">(OCoLC)fst01008422</subfield>
    </datafield>
    <datafield ind1=" " ind2="7" tag="651">
        <subfield code="a">Oregon</subfield>
        <subfield code="z">Eugene.</subfield>
        <subfield code="2">fast</subfield>
        <subfield code="0">(OCoLC)fst01205922</subfield>
    </datafield>
    <datafield ind1=" " ind2="7" tag="655">
        <subfield code="a">Manuscripts (documents)</subfield>
        <subfield code="2">aat</subfield>
    </datafield>
    <datafield ind1=" " ind2="7" tag="655">
        <subfield code="a">Vellum (parchment)</subfield>
        <subfield code="2">aat</subfield>
    </datafield>
    <datafield ind1="2" ind2=" " tag="710">
        <subfield code="a">University of Oregon.</subfield>
        <subfield code="b">Libraries.</subfield>
        <subfield code="b">Special Collections &amp; University Archives.</subfield>
        <subfield code="k">Manuscript</subfield>
        <subfield code="n">(MS 87th)</subfield>
    </datafield>
    <datafield ind1=" " ind2=" " tag="851">
        <subfield code="a">Special Collections and University Archives,</subfield>
        <subfield code="c">University of Oregon, Eugene, OR 97403.</subfield>
    </datafield>
    <datafield ind1="8" ind2=" " tag="852">
        <subfield code="8">22336417560001852</subfield>
        <subfield code="b">SpecColl</subfield>
        <subfield code="c">spvault</subfield>
        <subfield code="h">MS 087</subfield>
    </datafield>
    <datafield ind1=" " ind2=" " tag="994">
        <subfield code="a">92</subfield>
        <subfield code="b">OCACL</subfield>
    </datafield>
</record>
